<?xml version="1.0"?>
<marc:collection xmlns:marc="http://www.loc.gov/MARC21/slim" xmlns:xsi="http://www.w3.org/2001/XMLSchema-instance" xsi:schemaLocation="http://www.loc.gov/MARC21/slim http://www.loc.gov/standards/marcxml/schema/MARC21slim.xsd">
   <marc:record type="Bibliographic">
      <marc:leader>01526cam a2200337 a 4500</marc:leader>
      <marc:controlfield tag="001">2742221</marc:controlfield>
      <marc:controlfield tag="003">NjP</marc:controlfield>
      <marc:controlfield tag="005">20120222145756.0</marc:controlfield>
      <marc:controlfield tag="008">840208s1913    le            000 0 araod</marc:controlfield>
      <marc:datafield tag="024" ind1="7" ind2=" ">
         <marc:subfield code="a">princeton_aco000091</marc:subfield>
         <marc:subfield code="2">local</marc:subfield>
      </marc:datafield>
      <marc:datafield tag="035" ind1=" " ind2=" ">
         <marc:subfield code="a">(OCoLC)ocn178061212</marc:subfield>
      </marc:datafield>
      <marc:datafield tag="035" ind1=" " ind2=" ">
         <marc:subfield code="a">(OCoLC)ocm10388101</marc:subfield>
      </marc:datafield>
      <marc:datafield tag="040" ind1=" " ind2=" ">
         <marc:subfield code="a">IXA</marc:subfield>
         <marc:subfield code="c">PUL</marc:subfield>
         <marc:subfield code="d">PUL</marc:subfield>
      </marc:datafield>
      <marc:datafield tag="035" ind1=" " ind2=" ">
         <marc:subfield code="a">(OCoLC)178061212</marc:subfield>
      </marc:datafield>
      <marc:datafield tag="035" ind1=" " ind2=" ">
         <marc:subfield code="9">CND2285TS</marc:subfield>
      </marc:datafield>
      <marc:datafield tag="035" ind1=" " ind2=" ">
         <marc:subfield code="a">(NjP)2742221</marc:subfield>
      </marc:datafield>
      <marc:datafield tag="079" ind1=" " ind2=" ">
         <marc:subfield code="a">ocm10388101</marc:subfield>
      </marc:datafield>
      <marc:datafield tag="049" ind1=" " ind2=" ">
         <marc:subfield code="a">PULL</marc:subfield>
      </marc:datafield>
      <marc:datafield tag="100" ind1="1" ind2=" ">
         <marc:subfield code="6">880-01</marc:subfield>
         <marc:subfield code="a">Ya&#x304;ziji&#x304;, Na&#x304;s&#x323;i&#x304;f,</marc:subfield>
         <marc:subfield code="d">1800-1871.</marc:subfield>
      </marc:datafield>
      <marc:datafield tag="245" ind1="1" ind2="0">
         <marc:subfield code="6">880-02</marc:subfield>
         <marc:subfield code="a">Kita&#x304;b fas&#x323;l al-khit&#x323;a&#x304;b fi&#x304; us&#x323;u&#x304;l lughat al-a&#x2BB;ra&#x304;b /</marc:subfield>
         <marc:subfield code="c">ta&#x2BC;li&#x304;f Na&#x304;s&#x323;i&#x304;f al-Ya&#x304;ziji&#x304; al-Lubna&#x304;ni&#x304;.</marc:subfield>
      </marc:datafield>
      <marc:datafield tag="260" ind1=" " ind2=" ">
         <marc:subfield code="6">880-03</marc:subfield>
         <marc:subfield code="a">Bayru&#x304;t :</marc:subfield>
         <marc:subfield code="b">[s.n.],</marc:subfield>
         <marc:subfield code="c">1913</marc:subfield>
         <marc:subfield code="e">(Bayru&#x304;t :</marc:subfield>
         <marc:subfield code="f">al-Mat&#x323;ba&#x2BB;ah al-Ami&#x304;rka&#x304;ni&#x304;yah)</marc:subfield>
      </marc:datafield>
      <marc:datafield tag="300" ind1=" " ind2=" ">
         <marc:subfield code="a">255 p. ;</marc:subfield>
         <marc:subfield code="c">18 cm.</marc:subfield>
      </marc:datafield>
      <marc:datafield tag="500" ind1=" " ind2=" ">
         <marc:subfield code="6">880-04</marc:subfield>
         <marc:subfield code="a">"Wa-qad &#x2BC;ud&#x323;i&#x304;fat ilayhi shuru&#x304;h&#x323; wa-ziya&#x304;da&#x304;t li-ajl itma&#x304;m al-fa&#x304;&#x2BC;idah."</marc:subfield>
      </marc:datafield>
      <marc:datafield tag="650" ind1=" " ind2="0">
         <marc:subfield code="a">Arabic language</marc:subfield>
         <marc:subfield code="x">Grammar.</marc:subfield>
      </marc:datafield>
      <marc:datafield tag="740" ind1="0" ind2=" ">
         <marc:subfield code="6">880-05</marc:subfield>
         <marc:subfield code="a">Fas&#x323;l al-khit&#x323;a&#x304;b fi&#x304; us&#x323;u&#x304;l lughat al-a&#x2BB;ra&#x304;b.</marc:subfield>
      </marc:datafield>
      <marc:datafield tag="880" ind1="1" ind2=" ">
         <marc:subfield code="6">100-01/r</marc:subfield>
         <marc:subfield code="a">&#x64A;&#x627;&#x632;&#x62C;&#x64A;&#x60C; &#x646;&#x627;&#x635;&#x64A;&#x641;&#x60C;</marc:subfield>
         <marc:subfield code="d">1800-1871.</marc:subfield>
      </marc:datafield>
      <marc:datafield tag="880" ind1="1" ind2="0">
         <marc:subfield code="6">245-02/r</marc:subfield>
         <marc:subfield code="a">&#x643;&#x62A;&#x627;&#x628; &#x641;&#x635;&#x644; &#x627;&#x644;&#x62E;&#x637;&#x627;&#x628; &#x641;&#x64A; &#x627;&#x635;&#x648;&#x644; &#x644;&#x63A;&#x629; &#x627;&#x644;&#x627;&#x639;&#x631;&#x627;&#x628; /</marc:subfield>
         <marc:subfield code="c">&#x62A;&#x623;&#x644;&#x64A;&#x641; &#x646;&#x627;&#x635;&#x64A;&#x641; &#x627;&#x644;&#x64A;&#x627;&#x632;&#x62C;&#x64A; &#x627;&#x644;&#x644;&#x628;&#x646;&#x627;&#x646;&#x64A;.</marc:subfield>
      </marc:datafield>
      <marc:datafield tag="880" ind1=" " ind2=" ">
         <marc:subfield code="6">260-03/r</marc:subfield>
         <marc:subfield code="a">&#x628;&#x64A;&#x631;&#x648;&#x62A; :</marc:subfield>
         <marc:subfield code="b">[s.n.]&#x60C;</marc:subfield>
         <marc:subfield code="c">1913</marc:subfield>
         <marc:subfield code="e">(&#x628;&#x64A;&#x631;&#x648;&#x62A; :</marc:subfield>
         <marc:subfield code="f">&#x627;&#x644;&#x645;&#x637;&#x628;&#x639;&#x629; &#x627;&#x644;&#x627;&#x645;&#x64A;&#x631;&#x643;&#x627;&#x646;&#x64A;&#x629;)</marc:subfield>
      </marc:datafield>
      <marc:datafield tag="880" ind1=" " ind2=" ">
         <marc:subfield code="6">500-04/r</marc:subfield>
         <marc:subfield code="a">"&#x648;&#x642;&#x62F; &#x621;&#x636;&#x64A;&#x641;&#x629; &#x627;&#x644;&#x64A;&#x647; &#x634;&#x631;&#x648;&#x62D; &#x648;&#x632;&#x64A;&#x627;&#x62F;&#x627;&#x62A; &#x644;&#x627;&#x62C;&#x644; &#x627;&#x62A;&#x645;&#x627;&#x645; &#x627;&#x644;&#x641;&#x627;&#x626;&#x62F;&#x629;."</marc:subfield>
      </marc:datafield>
      <marc:datafield tag="880" ind1="0" ind2=" ">
         <marc:subfield code="6">740-05/r</marc:subfield>
         <marc:subfield code="a">&#x641;&#x635;&#x644; &#x627;&#x644;&#x62E;&#x637;&#x627;&#x628; &#x641;&#x64A; &#x627;&#x635;&#x648;&#x644; &#x644;&#x63A;&#x629; &#x627;&#x644;&#x627;&#x639;&#x631;&#x627;&#x628;.</marc:subfield>
      </marc:datafield>
      <marc:datafield tag="911" ind1=" " ind2=" ">
         <marc:subfield code="a">20000130</marc:subfield>
      </marc:datafield>
      <marc:datafield tag="994" ind1=" " ind2=" ">
         <marc:subfield code="a">C0</marc:subfield>
         <marc:subfield code="b">PUL</marc:subfield>
      </marc:datafield>
      <marc:datafield tag="999" ind1=" " ind2=" ">
         <marc:subfield code="a">2742221</marc:subfield>
      </marc:datafield>
   </marc:record>
</marc:collection>
